
@misc{appstore,
author = {Apple Inc},
title = {ITunes app store},
howpublished = {\url{https://itunes.apple.com/gb/genre/ios-education/id6017?mt=8}},
year = {2014},
note = {{Date Retrieved: 2014-02-17}}
}

@misc{powerpointcolours,
author = {Microsoft Corporation},
title = {Microsoft PowerPoint 2010, Version 14.0.7113.5005},
howpublished = {PowerPoint theme colours},
year = {2010},
note = {{Date Retrieved: 2014-02-17}}
}

@misc{brandinglogo,
author = {Just Creative},
title = {Branding, Identity and Logo Design Explained},
howpublished = {\url{http://justcreative.com/2010/04/06/branding-identity-logo-design-explained/}},
year = {2010},
note = {{Date Retrieved: 2014-02-19}},
}
